<?xml version="1.0" encoding="UTF-8"?><collection xmlns="http://www.loc.gov/MARC21/slim"><record><leader>00451nam--2200181-i-4500</leader><controlfield tag="001">000033174</controlfield><controlfield tag="002">20161230</controlfield><controlfield tag="005">20161230201039</controlfield><controlfield tag="008">060222s1000------------r-----000-0-rum-d</controlfield><datafield ind1=" " ind2=" " tag="040"><subfield code="a">IFIN-HH</subfield></datafield><datafield ind1=" " ind2=" " tag="041"><subfield code="a">rum</subfield></datafield><datafield ind1=" " ind2=" " tag="080"><subfield code="a">621.382.3</subfield></datafield><datafield ind1="1" ind2=" " tag="100"><subfield code="a">Moisil, Gr.C</subfield></datafield><datafield ind1="1" ind2="0" tag="245"><subfield code="a">Circuite cu tranzistori</subfield><subfield code="b">Vol. ii</subfield><subfield code="c">Gr.c. moisil</subfield></datafield><datafield ind1=" " ind2=" " tag="260"><subfield code="a">Bucuresti</subfield><subfield code="b">Editura Academiei Rpr</subfield><subfield code="c">1961</subfield></datafield><datafield ind1=" " ind2=" " tag="300"><subfield code="a">142P</subfield></datafield><datafield ind1=" " ind2=" " tag="852"><subfield code="a">8153</subfield><subfield code="c">H.H</subfield></datafield><datafield ind1=" " ind2=" " tag="CAT"><subfield code="a">Sys</subfield><subfield code="c">20130327</subfield><subfield code="h">132615</subfield></datafield></record></collection>